@book{banabic2000,
  author = "Dorel, Banabic",
  title = "Sheet metal forming processes, constitutive modelling and numerical simulation",
  year = "2000", 
  publisher = "Springer",
  address = "Rumania"
}

@article{wang1978,
    author    = "N. , Wang. & B., Budiansky",
    title     = "Analysis of sheet metal stamping by finite element method",
    journal   = "Journal of Applied Mechanics",
    %volume   = "",
    number   = "45",
    pages    = "73-82",
    year      = "1978",
    %month    = "",
    %note     = "",
}

@article{huang1995,
    author    = "Y. , Huang. & D. , Leu",
    title     = "An elasto-plastic finite-element simulation of successive UO-bending processes of sheet metal",
    journal   = "Journal of Materials Processing Technology",
    %volume   = "",
    number   = "53",
    pages    = "643-661",
    year      = "1994",
    %month    = "",
    %note     = "",
}

@book{hosford2005,
  author = " William,Hosford",
  title = "Mechanical behavior of materials",
  year = "2005",
  publisher = "Cambridge University Press",
  address = "New York"
}

@book{lsdyna-manual,
  author = "Livermore Software Technology Corporation",
  title = "LS-DYNA Theory Manual",
  year = "2016",
  address = "California"
}